<record><leader>00000cas a2200000 a 4500</leader><controlfield tag="001">13164579</controlfield><controlfield tag="008">860218d19041953iauwr ne      0    0eng d</controlfield><datafield ind1=" " ind2=" " tag="010"><subfield code="a">sn 86063486 </subfield></datafield><datafield ind1=" " ind2=" " tag="040"><subfield code="a">KSH</subfield><subfield code="b">eng</subfield><subfield code="c">KSH</subfield><subfield code="d">NPT</subfield><subfield code="d">INP</subfield><subfield code="d">OCL</subfield><subfield code="d">OCLCQ</subfield></datafield><datafield ind1=" " ind2=" " tag="042"><subfield code="a">msc</subfield></datafield><datafield ind1="0" ind2=" " tag="130"><subfield code="a">Shell Rock news (Shell Rock, Iowa : 1904)</subfield></datafield><datafield ind1="1" ind2="4" tag="245"><subfield code="a">The Shell Rock news.</subfield></datafield><datafield ind1="3" ind2="0" tag="246"><subfield code="a">Shell Rock news and the Butler County news</subfield></datafield><datafield ind1="3" ind2="0" tag="246"><subfield code="a">Shell Rock news and the New Hartford chronicle</subfield></datafield><datafield ind1=" " ind2=" " tag="260"><subfield code="a">Shell Rock, Butler County, Iowa :</subfield><subfield code="b">F.L. Witt,</subfield><subfield code="c">-1953.</subfield></datafield><datafield ind1=" " ind2=" " tag="300"><subfield code="a">v.</subfield></datafield><datafield ind1=" " ind2=" " tag="310"><subfield code="a">Weekly</subfield></datafield><datafield ind1="1" ind2=" " tag="362"><subfield code="a">Began in 1904?</subfield></datafield><datafield ind1="0" ind2=" " tag="362"><subfield code="a">-83 years old, no. 40 (Mar. 12, 1953).</subfield></datafield><datafield ind1=" " ind2=" " tag="500"><subfield code="a">Published as: Shell Rock news and the Butler County news, Nov. 13-27, 1947; Shell Rock news and the New Hartford chronicle, Mar. 5, 1953.</subfield></datafield><datafield ind1=" " ind2=" " tag="500"><subfield code="a">Publisher varies.</subfield></datafield><datafield ind1=" " ind2=" " tag="500"><subfield code="a">Includes section called: New Hartford chronicle, &lt;Mar. 3, 1949-1952&gt;.</subfield></datafield><datafield ind1=" " ind2=" " tag="515"><subfield code="a">Vol. 81, no. 45 omitted in numbering.</subfield></datafield><datafield ind1=" " ind2=" " tag="588"><subfield code="a">Description based on: Vol. 34, no. 43 (Oct. 26, 1905).</subfield></datafield><datafield ind1=" " ind2=" " tag="752"><subfield code="a">United States</subfield><subfield code="b">Iowa</subfield><subfield code="c">Butler</subfield><subfield code="d">Shell Rock.</subfield></datafield><datafield ind1=" " ind2=" " tag="752"><subfield code="a">United States</subfield><subfield code="b">Iowa</subfield><subfield code="c">Butler</subfield><subfield code="d">New Hartford.</subfield></datafield><datafield ind1="0" ind2="0" tag="780"><subfield code="t">Butler County news (Shell Rock, Iowa)</subfield><subfield code="w">(DLC)sn 90055001</subfield></datafield><datafield ind1="0" ind2="0" tag="785"><subfield code="t">Shell Rock news and the New Hartford chronicle</subfield><subfield code="w">(DLC)sn 88059316</subfield></datafield><datafield ind1="1" ind2=" " tag="787"><subfield code="t">New Hartford chronicle</subfield></datafield><datafield ind1="1" ind2=" " tag="029"><subfield code="a">AU@</subfield><subfield code="b">000022168344</subfield></datafield></record>